<record><leader>00000cas a22000007a 4500</leader><controlfield tag="001">19817020</controlfield><controlfield tag="008">890605d19291938aruwr ne      0    0eng d</controlfield><datafield ind1=" " ind2=" " tag="010"><subfield code="a">sn 89051234 </subfield></datafield><datafield ind1=" " ind2=" " tag="040"><subfield code="a">ANU</subfield><subfield code="b">eng</subfield><subfield code="c">ANU</subfield><subfield code="d">OCLCQ</subfield></datafield><datafield ind1=" " ind2=" " tag="042"><subfield code="a">msc</subfield></datafield><datafield ind1="0" ind2="4" tag="245"><subfield code="a">The Norman sentinel.</subfield></datafield><datafield ind1=" " ind2=" " tag="260"><subfield code="a">Norman, Ark. :</subfield><subfield code="b">Lee E. Johnson</subfield></datafield><datafield ind1=" " ind2=" " tag="300"><subfield code="a">v.</subfield></datafield><datafield ind1=" " ind2=" " tag="310"><subfield code="a">Weekly</subfield></datafield><datafield ind1="1" ind2=" " tag="362"><subfield code="a">Began in 1929; ceased in 1938?</subfield></datafield><datafield ind1=" " ind2=" " tag="588"><subfield code="a">Description based on: Vol. 3, no. 14 (Aug. 15, 1929).</subfield></datafield><datafield ind1=" " ind2="4" tag="651"><subfield code="a">Norman (Ark.)</subfield><subfield code="v">Newspapers.</subfield></datafield><datafield ind1=" " ind2=" " tag="752"><subfield code="a">United States</subfield><subfield code="b">Arkansas</subfield><subfield code="c">Montgomery</subfield><subfield code="d">Norman.</subfield></datafield><datafield ind1="0" ind2="0" tag="780"><subfield code="t">Norman visitor</subfield><subfield code="w">(DLC)sn 89051235</subfield></datafield><datafield ind1="0" ind2="4" tag="785"><subfield code="t">Herald (Mount Ida, Ark. : 1928)</subfield><subfield code="w">(DLC)sn 89051232</subfield></datafield></record>